@book{Recommender_systems_Handbook,
  editor    = {Francesco Ricci and
               Lior Rokach and
               Bracha Shapira},
  title     = {Recommender Systems Handbook},
  publisher = {Springer},
  year      = {2015},
  url       = {https://doi.org/10.1007/978-1-4899-7637-6},
  doi       = {10.1007/978-1-4899-7637-6},
  isbn      = {978-1-4899-7636-9},
  timestamp = {Mon, 15 Jun 2020 16:59:54 +0200},
  biburl    = {https://dblp.org/rec/reference/sp/2015rsh.bib},
  bibsource = {dblp computer science bibliography, https://dblp.org}
}
@inproceedings{Recommender_systems_technical_report,
author = {Sharma, Manika and Mittal, Raman and Bharati, Ambuj and Saxena, Deepika and Singh, Ashutosh},
year = {2022},
month = {01},
pages = {},
title = {A Survey and Classification on Recommendation Systems}
}
@inproceedings{V-elliot,
  author    = {Vito Walter Anelli and
               Alejandro Bellog{\'{\i}}n and
               Antonio Ferrara and
               Daniele Malitesta and
               Felice Antonio Merra and
               Claudio Pomo and
               Francesco Maria Donini and
               Tommaso Di Noia},
  editor    = {Humberto Jes{\'{u}}s Corona Pamp{\'{\i}}n and
               Martha A. Larson and
               Martijn C. Willemsen and
               Joseph A. Konstan and
               Julian J. McAuley and
               Jean Garcia{-}Gathright and
               Bouke Huurnink and
               Even Oldridge},
  title     = {V-Elliot: Design, Evaluate and Tune Visual Recommender Systems},
  booktitle = {RecSys '21: Fifteenth {ACM} Conference on Recommender Systems, Amsterdam,
               The Netherlands, 27 September 2021 - 1 October 2021},
  pages     = {768--771},
  publisher = {{ACM}},
  year      = {2021},
  url       = {https://doi.org/10.1145/3460231.3478881},
  doi       = {10.1145/3460231.3478881},
  timestamp = {Sat, 09 Apr 2022 12:47:47 +0200},
  biburl    = {https://dblp.org/rec/conf/recsys/AnelliBFMMPDN21.bib},
  bibsource = {dblp computer science bibliography, https://dblp.org}
}
@inproceedings{How_to_Perform_Reproducible_Experiments_in_the_ELLIOT_Recommendation_Framework,
  author    = {Vito Walter Anelli and
               Alejandro Bellog{\'{\i}}n and
               Antonio Ferrara and
               Daniele Malitesta and
               Felice Antonio Merra and
               Claudio Pomo and
               Francesco Maria Donini and
               Eugenio Di Sciascio and
               Tommaso Di Noia},
  editor    = {Vito Walter Anelli and
               Tommaso Di Noia and
               Nicola Ferro and
               Fedelucio Narducci},
  title     = {How to Perform Reproducible Experiments in the {ELLIOT} Recommendation
               Framework: Data Processing, Model Selection, and Performance Evaluation},
  booktitle = {Proceedings of the 11th Italian Information Retrieval Workshop 2021,
               Bari, Italy, September 13-15, 2021},
  series    = {{CEUR} Workshop Proceedings},
  volume    = {2947},
  publisher = {CEUR-WS.org},
  year      = {2021},
  url       = {http://ceur-ws.org/Vol-2947/paper14.pdf},
  timestamp = {Mon, 25 Oct 2021 15:03:55 +0200},
  biburl    = {https://dblp.org/rec/conf/iir/AnelliBFMMPDSN21.bib},
  bibsource = {dblp computer science bibliography, https://dblp.org}
}
@inproceedings{Elliot:_a_comprehensive_and_rigorous_framework_for_reproducible_recommender_systems_evaluation,
  author    = {Vito Walter Anelli and
               Alejandro Bellog{\'{\i}}n and
               Antonio Ferrara and
               Daniele Malitesta and
               Felice Antonio Merra and
               Claudio Pomo and
               Francesco Maria Donini and
               Tommaso Di Noia},
  editor    = {Fernando Diaz and
               Chirag Shah and
               Torsten Suel and
               Pablo Castells and
               Rosie Jones and
               Tetsuya Sakai},
  title     = {Elliot: {A} Comprehensive and Rigorous Framework for Reproducible
               Recommender Systems Evaluation},
  booktitle = {{SIGIR} '21: The 44th International {ACM} {SIGIR} Conference on Research
               and Development in Information Retrieval, Virtual Event, Canada, July
               11-15, 2021},
  pages     = {2405--2414},
  publisher = {{ACM}},
  year      = {2021},
  url       = {https://doi.org/10.1145/3404835.3463245},
  doi       = {10.1145/3404835.3463245},
  timestamp = {Sat, 09 Apr 2022 12:44:57 +0200},
  biburl    = {https://dblp.org/rec/conf/sigir/AnelliBFMMPDN21.bib},
  bibsource = {dblp computer science bibliography, https://dblp.org}
}
@inproceedings{RS_need_of_ecommerce_era,
  title={Recommender systems-the need of the ecommerce ERA},
  author={Vaidya, Nayana and Khachane, AR},
  booktitle={2017 International Conference on Computing Methodologies and Communication (ICCMC)},
  pages={100--104},
  year={2017},
  organization={IEEE}
}
@book{REST_API_development,
  title={Pro REST API Development with Node. js},
  author={Doglio, Fernando},
  year={2015},
  publisher={Apress}
}
@article{Business_value_of_recommender_system,
  author    = {Dietmar Jannach and
               Michael Jugovac},
  title     = {Measuring the Business Value of Recommender Systems},
  journal   = {{ACM} Trans. Manag. Inf. Syst.},
  volume    = {10},
  number    = {4},
  pages     = {16:1--16:23},
  year      = {2019},
  url       = {https://doi.org/10.1145/3370082},
  doi       = {10.1145/3370082},
  timestamp = {Sat, 08 Jan 2022 02:21:28 +0100},
  biburl    = {https://dblp.org/rec/journals/tmis/JannachJ19.bib},
  bibsource = {dblp computer science bibliography, https://dblp.org}
}
@article{Amazon_item_to_item_filtering,
  author    = {Greg Linden and
               Brent Smith and
               Jeremy York},
  title     = {Amazon.com Recommendations: Item-to-Item Collaborative Filtering},
  journal   = {{IEEE} Internet Comput.},
  volume    = {7},
  number    = {1},
  pages     = {76--80},
  year      = {2003},
  url       = {https://doi.org/10.1109/MIC.2003.1167344},
  doi       = {10.1109/MIC.2003.1167344},
  timestamp = {Fri, 13 Mar 2020 14:42:20 +0100},
  biburl    = {https://dblp.org/rec/journals/internet/LindenSY03.bib},
  bibsource = {dblp computer science bibliography, https://dblp.org}
}
@article{Matrix_factorization_technique_Netflix,
  author    = {Yehuda Koren and
               Robert M. Bell and
               Chris Volinsky},
  title     = {Matrix Factorization Techniques for Recommender Systems},
  journal   = {Computer},
  volume    = {42},
  number    = {8},
  pages     = {30--37},
  year      = {2009},
  url       = {https://doi.org/10.1109/MC.2009.263},
  doi       = {10.1109/MC.2009.263},
  timestamp = {Wed, 12 Aug 2020 10:29:35 +0200},
  biburl    = {https://dblp.org/rec/journals/computer/KorenBV09.bib},
  bibsource = {dblp computer science bibliography, https://dblp.org}
}
@article{Survey_of_Ecommerce_rs,
  title={A survey of e-commerce recommender systems},
  author={Karimova, Farida},
  journal={European Scientific Journal},
  volume={12},
  number={34},
  pages={75--89},
  year={2016}
}
@article{Two_decades_ofRS_at_amazon,
  author    = {Brent Smith and
               Greg Linden},
  title     = {Two Decades of Recommender Systems at Amazon.com},
  journal   = {{IEEE} Internet Comput.},
  volume    = {21},
  number    = {3},
  pages     = {12--18},
  year      = {2017},
  url       = {https://doi.org/10.1109/MIC.2017.72},
  doi       = {10.1109/MIC.2017.72},
  timestamp = {Fri, 13 Mar 2020 14:41:58 +0100},
  biburl    = {https://dblp.org/rec/journals/internet/SmithL17.bib},
  bibsource = {dblp computer science bibliography, https://dblp.org}
}
@article{RS_for_science:taxonomy,
  title={Recommender Systems for Science: A basic Taxonomy},
  author={Ghannadrad, Ali and Arezoumandan, Morteza and Candela, Leonardo and Castelli, Donatella},
  year={2021}
}
@article{classification_of_RS:review,
  title={Classifications of recommender systems: A review.},
  author={Sohail, Shahab Saquib and Siddiqui, Jamshed and Ali, Rashid},
  journal={Journal of Engineering Science \& Technology Review},
  volume={10},
  number={4},
  year={2017}
}
@article{fournierrecommender,
  title={Recommender Systems},
  author={Fournier, Fran{\c{c}}ois}
}
@incollection{Introduction_to_rS_handbook,
  author    = {Francesco Ricci and
               Lior Rokach and
               Bracha Shapira},
  editor    = {Francesco Ricci and
               Lior Rokach and
               Bracha Shapira and
               Paul B. Kantor},
  title     = {Introduction to Recommender Systems Handbook},
  booktitle = {Recommender Systems Handbook},
  pages     = {1--35},
  publisher = {Springer},
  year      = {2011},
  url       = {https://doi.org/10.1007/978-0-387-85820-3\_1},
  doi       = {10.1007/978-0-387-85820-3\_1},
  timestamp = {Mon, 16 Sep 2019 15:22:30 +0200},
  biburl    = {https://dblp.org/rec/reference/rsh/RicciRS11.bib},
  bibsource = {dblp computer science bibliography, https://dblp.org}
}
@article{RS:overview,
  author    = {Robin D. Burke and
               Alexander Felfernig and
               Mehmet H. G{\"{o}}ker},
  title     = {Recommender Systems: An Overview},
  journal   = {{AI} Mag.},
  volume    = {32},
  number    = {3},
  pages     = {13--18},
  year      = {2011},
  url       = {https://doi.org/10.1609/aimag.v32i3.2361},
  doi       = {10.1609/aimag.v32i3.2361},
  timestamp = {Sat, 05 Sep 2020 17:48:16 +0200},
  biburl    = {https://dblp.org/rec/journals/aim/BurkeFG11.bib},
  bibsource = {dblp computer science bibliography, https://dblp.org}
}
@book{IntroductionToDataScience,
  author    = {Laura Igual and
               Santi Segu{\'{\i}}},
  title     = {Introduction to Data Science - {A} Python Approach to Concepts, Techniques
               and Applications},
  series    = {Undergraduate Topics in Computer Science},
  publisher = {Springer},
  year      = {2017},
  url       = {https://doi.org/10.1007/978-3-319-50017-1},
  doi       = {10.1007/978-3-319-50017-1},
  isbn      = {978-3-319-50016-4},
  timestamp = {Fri, 02 Nov 2018 09:26:54 +0100},
  biburl    = {https://dblp.org/rec/series/utcs/IgualS17.bib},
  bibsource = {dblp computer science bibliography, https://dblp.org}
}
@inproceedings{Netflix_algoritmo,
title = {deep dive into Netflix’s recommender system},
url = {https://towardsdatascience.com/deep-dive-into-netflixs-recommender-system-341806ae3b48},
author= {david chong}
}
@inproceedings{YAML_documentazione,
title = {YAML documentation},
url = {https://yaml.org/}
}
@inproceedings{FLASK_documentazione,
title = {FLASK documentation},
url = {https://palletsprojects.com/p/flask/}
}
@inproceedings{Jinja2_documentazione,
title = {Jinja documentation},
url = {https://jinja.palletsprojects.com/en/3.1.x/}
}
@INPROCEEDINGS{MVC_con_flask,  author={Mufid, Mohammad Robihul and Basofi, Arif and Al Rasyid, M. Udin Harun and Rochimansyah, Indhi Farhandika and rokhim, Abdul},  booktitle={2019 International Electronics Symposium (IES)},   title={Design an MVC Model using Python for Flask Framework Development},   year={2019},  volume={},  number={},  pages={214-219},  doi={10.1109/ELECSYM.2019.8901656}}
@book{Web_developing_flask,
  author    = {Miguel Grinberg},
  title     = {Flask Web Development - Developing Web Applications with Python},
  publisher = {O'Reilly},
  year      = {2014},
  url       = {http://shop.oreilly.com/product/0636920031116.do},
  isbn      = {978-1-4493-7262-0},
  timestamp = {Tue, 07 Oct 2014 17:26:18 +0200},
  biburl    = {https://dblp.org/rec/books/daglib/0034106.bib},
  bibsource = {dblp computer science bibliography, https://dblp.org}
}
@article{multitasking_flask,
author= {Xiaoxu Gao},
url = {https://towardsdatascience.com/how-to-perform-multitasking-in-flask-and-tornado-3f00945f4510},
title={how to perform multitasking in flask and tornado}}
@inproceedings{A_Survey_and_Classification_on_Recommendation_Systems,
author = {Sharma, Manika and Mittal, Raman and Bharati, Ambuj and Saxena, Deepika and Singh, Ashutosh},
year = {2022},
month = {01},
pages = {},
title = {A Survey and Classification on Recommendation Systems}
}