@book{Recommender_systems_Handbook,
  editor    = {Francesco Ricci and
               Lior Rokach and
               Bracha Shapira},
  title     = {Recommender Systems Handbook},
  publisher = {Springer},
  year      = {2015},
  url       = {https://doi.org/10.1007/978-1-4899-7637-6},
  doi       = {10.1007/978-1-4899-7637-6},
  isbn      = {978-1-4899-7636-9},
  timestamp = {Mon, 15 Jun 2020 16:59:54 +0200},
  biburl    = {https://dblp.org/rec/reference/sp/2015rsh.bib},
  bibsource = {dblp computer science bibliography, https://dblp.org}
}